@online{bloomberg.com,
    author = {Bloomberg},
    title = {Trending on Twitter social sentiment analytics},
    url = 
    {\url{https://www.bloomberg.com/company/press/trending-on-twitter-social-sentiment-analytics/}},
}

@report{bloomberg_quants,
    author = {Cui, Xin and Lam, Daniel and Verma, Arun},
    institution = {Bloomberg L.P.},
    title = {Event-Driven Feeds Quantitative Research - Embedded Value in 
    Bloomberg News and Social Sentiment Data},
}

@inproceedings{kasper2011sentiment,
    title={Sentiment analysis for hotel reviews},
    author={Kasper, Walter and Vela, Mihaela},
    booktitle={Computational linguistics-applications conference},
    volume={231527},
    pages={45--52},
    year={2011}
}

@article{loughran2016textual,
    title={Textual analysis in accounting and finance: A survey},
    author={Loughran, Tim and McDonald, Bill},
    journal={Journal of Accounting Research},
    volume={54},
    number={4},
    pages={1187--1230},
    year={2016},
    publisher={Wiley Online Library}
}

@report{ppdp2019on,
    title={Privacy-Preserving Data Platform},
    author={Chan, Iat Chong and Popov, Dimitar and Perifanos,Konstantinos and 
    Agarwal,Sandeep and Hunter, Sean },
    instituion={OakNorth}
}

@article{oaknorth2020vision,
    title={OakNorth Platform 2020},
    author={OakNorth},
    year={2019},
}

@book{may1985logical,
    title={Logical form: Its structure and derivation},
    author={May, Robert and others},
    volume={12},
    year={1985},
    publisher={MIT press}
}
@inproceedings{voskarides2018weakly,
    title={Weakly-supervised contextualization of knowledge graph facts},
    author={Voskarides, Nikos and Meij, Edgar and Reinanda, Ridho and Khaitan, 
    Abhinav and Osborne, Miles and Stefanoni, Giorgio and Kambadur, Prabhanjan 
    and de Rijke, Maarten},
    booktitle={The 41st International ACM SIGIR Conference on Research \& 
    Development in Information Retrieval},
    pages={765--774},
    year={2018},
    organization={ACM}
}
@inproceedings{hoffart-etal-2011-robust,
    title = "Robust Disambiguation of Named Entities in Text",
    author = {Hoffart, Johannes  and
    Yosef, Mohamed Amir  and
    Bordino, Ilaria  and
    F{\"u}rstenau, Hagen  and
    Pinkal, Manfred  and
    Spaniol, Marc  and
    Taneva, Bilyana  and
    Thater, Stefan  and
    Weikum, Gerhard},
    booktitle = "Proceedings of the 2011 Conference on Empirical Methods in 
    Natural Language Processing",
    month = jul,
    year = "2011",
    address = "Edinburgh, Scotland, UK.",
    publisher = "Association for Computational Linguistics",
    url = "https://www.aclweb.org/anthology/D11-1072",
    pages = "782--792",
}
@inproceedings{ji2010overview,
    title={Overview of the TAC 2010 knowledge base population track},
    author={Ji, Heng and Grishman, Ralph and Dang, Hoa Trang and Griffitt, Kira 
    and Ellis, Joe},
    booktitle={Third Text Analysis Conference (TAC 2010)},
    volume={3},
    number={2},
    pages={3--3},
    year={2010}
}
@inproceedings{guo2014entity,
    title={Entity linking with a unified semantic representation},
    author={Guo, Zhaochen and Barbosa, Denilson},
    booktitle={Proceedings of the 23rd International Conference on World Wide 
    Web},
    pages={1305--1310},
    year={2014},
    organization={ACM}
}
@inproceedings{globerson-etal-2016-collective,
    title = "Collective Entity Resolution with Multi-Focal Attention",
    author = "Globerson, Amir  and
    Lazic, Nevena  and
    Chakrabarti, Soumen  and
    Subramanya, Amarnag  and
    Ringgaard, Michael  and
    Pereira, Fernando",
    booktitle = "Proceedings of the 54th Annual Meeting of the Association for 
    Computational Linguistics (Volume 1: Long Papers)",
    month = aug,
    year = "2016",
    address = "Berlin, Germany",
    publisher = "Association for Computational Linguistics",
    url = "https://www.aclweb.org/anthology/P16-1059",
    doi = "10.18653/v1/P16-1059",
    pages = "621--631",
}